<?xml version="1.0" encoding="UTF-8"?><collection xmlns="http://www.loc.gov/MARC21/slim"><record><leader>00579nam--2200181-i-4500</leader><controlfield tag="001">000030026</controlfield><controlfield tag="002">20161230</controlfield><controlfield tag="005">20161230201038</controlfield><controlfield tag="008">060222s1000------------r-----000-0-fre-d</controlfield><datafield ind1=" " ind2=" " tag="040"><subfield code="a">IFIN-HH</subfield></datafield><datafield ind1=" " ind2=" " tag="041"><subfield code="a">fre</subfield></datafield><datafield ind1=" " ind2=" " tag="080"><subfield code="a">539.171.12.016:539.144</subfield></datafield><datafield ind1="1" ind2=" " tag="100"><subfield code="a">Lambert, Michel</subfield></datafield><datafield ind1="1" ind2="0" tag="245"><subfield code="a">Determination du spin et de la parite de certains niveaux excites des noyaux 015, s32 et k41 par analyse de la diffusion elastique.these</subfield><subfield code="b">These</subfield><subfield code="c">Michel lambert</subfield></datafield><datafield ind1=" " ind2=" " tag="260"><subfield code="a">Paris</subfield><subfield code="b">Faculte Des Sciences</subfield><subfield code="c">1962</subfield></datafield><datafield ind1=" " ind2=" " tag="300"><subfield code="a">168P</subfield></datafield><datafield ind1=" " ind2=" " tag="852"><subfield code="a">19147</subfield><subfield code="c">539.14</subfield></datafield><datafield ind1=" " ind2=" " tag="CAT"><subfield code="a">Sys</subfield><subfield code="c">20120323</subfield><subfield code="h">102913</subfield></datafield></record></collection>